@article{einstein1905,
  author = {Einstein, Albert},
  title = {Zur Elektrodynamik bewegter KÃ¶rper},
  journal = {Annalen der Physik},
  volume = {17},
  pages = {891--921},
  year = {1905}
}